<?xml version="1.0" encoding="UTF-8"?><collection xmlns="http://www.loc.gov/MARC21/slim"><record><leader>00468nam--2200181-i-4500</leader><controlfield tag="001">000046027</controlfield><controlfield tag="002">20161230</controlfield><controlfield tag="005">20161230201045</controlfield><controlfield tag="008">060222s1000------------r-----000-0-eng-d</controlfield><datafield ind1=" " ind2=" " tag="040"><subfield code="a">IFIN-HH</subfield></datafield><datafield ind1=" " ind2=" " tag="080"><subfield code="a">539.23</subfield></datafield><datafield ind1="1" ind2=" " tag="100"><subfield code="a">Vasicek,A</subfield></datafield><datafield ind1="1" ind2="0" tag="245"><subfield code="a">Optics of thin films</subfield><subfield code="c">A. vasicek</subfield></datafield><datafield ind1=" " ind2=" " tag="260"><subfield code="a">Amsterdam</subfield><subfield code="b">North-holland Publishing Company</subfield><subfield code="c">1960</subfield></datafield><datafield ind1=" " ind2=" " tag="300"><subfield code="a">XIII + 403 P</subfield></datafield><datafield ind1=" " ind2=" " tag="490"><subfield code="a">Series In Physics</subfield></datafield><datafield ind1=" " ind2=" " tag="852"><subfield code="a">14229</subfield><subfield code="c">539.23</subfield></datafield><datafield ind1=" " ind2=" " tag="CAT"><subfield code="a">Sys</subfield><subfield code="c">20121212</subfield><subfield code="h">163424</subfield></datafield></record></collection>